<?xml version="1.0" encoding="UTF-8"?><collection xmlns="http://www.loc.gov/MARC21/slim"><record><leader>00618nam--2200181-i-4500</leader><controlfield tag="001">000016191</controlfield><controlfield tag="002">20161230</controlfield><controlfield tag="005">20161230201031</controlfield><controlfield tag="008">060222s1000------------r-----000-0-fre-d</controlfield><datafield ind1=" " ind2=" " tag="040"><subfield code="a">IFIN-HH</subfield></datafield><datafield ind1=" " ind2=" " tag="041"><subfield code="a">fre</subfield></datafield><datafield ind1=" " ind2=" " tag="080"><subfield code="a">539.12.162.8(O43)</subfield></datafield><datafield ind1="1" ind2=" " tag="100"><subfield code="a">Chabaud, Vincent</subfield></datafield><datafield ind1="1" ind2="0" tag="245"><subfield code="a">Etude de la diffusion elastique des mesons pi+ et des mesons pi- par les protons dans l hemis phere arriere a 2,85,3,30 et 3,55 gev/c.tests experimentaux de l electrodynamique quantique</subfield><subfield code="b">These</subfield><subfield code="c">Vincent chabaud</subfield></datafield><datafield ind1=" " ind2=" " tag="260"><subfield code="a">Grenoble</subfield><subfield code="b">Universite</subfield><subfield code="c">1968</subfield></datafield><datafield ind1=" " ind2=" " tag="300"><subfield code="a">89 P</subfield></datafield><datafield ind1=" " ind2=" " tag="852"><subfield code="a">77785</subfield><subfield code="c">539.12</subfield></datafield><datafield ind1=" " ind2=" " tag="CAT"><subfield code="a">Sys</subfield><subfield code="c">20120120</subfield><subfield code="h">123338</subfield></datafield></record></collection>